
@online{hammer,
author = {Alexander Schmitz, Chris Thoburn, Jorik Tangelder},
title = {Hammer.js},
year = {2012},
url = {http://hammerjs.github.io/}
}


@online{peerjs,
author = {Michelle Bu, Eric Zhang},
title = {Peer.js},
year = {2012},
url = {http://peerjs.com/}
}


@online{phaser,
author = {Photon Storm Ltd},
title = {Phaser.js},
year = {2015},
url = {http://phaser.io/}
}


@online{long_polling_issues,
author = {S. Loreto, P. Saint-Andre, S. Salsano, G. Wilkins},
title = {Known Issues and Best Practices for the Use of Long Polling and Streaming in Bidirectional HTTP},
year = {2011},
url = {https://tools.ietf.org/html/rfc6202}
}


@online{websockets,
author = {I. Fette, A. Melnikov},
title = {The WebSocket Protocol},
year = {2011},
url = {https://tools.ietf.org/html/rfc6455}
}

@book{gof,
author    = "Erich Gamma, Richard Helm, Ralph Johnson, John Vlissides",
title     = "Design Patterns: Elements of Reusable Object-Oriented Software",
year      = "1994"
}


@online{game_patterns,
author    = "Robert Nystrom",
title     = "Game Programming Patterns",
year      = "2014",
url = {http://gameprogrammingpatterns.com/}
}

